@article{kishore2018mortality,
  title={Mortality in puerto rico after hurricane maria},
  author={Kishore, Nishant and Marqu{\'e}s, Domingo and Mahmud, Ayesha and Kiang, Mathew V and Rodriguez, Irmary and Fuller, Arlan and Ebner, Peggy and Sorensen, Cecilia and Racy, Fabio and Lemery, Jay and others},
  journal={New England journal of medicine},
  volume={379},
  number={2},
  pages={162--170},
  year={2018},
  publisher={Mass Medical Soc}
}

@article{UNResolutionJune2016,
    title={Promotion and protection of all human rights, civil, political, economic, social and cultural rights, including the right to development},
    author={Human Rights Council},
    journal={UN General Assembly},
    volume={A/HRC/32/L.20},
    month={June},
    year={2018}
}

@misc{BCSCoP,
    title={British computer society code of conduct},
    organization={British Computing Society},
    address={BCS The Chartered Institute for IT, First Floor Block D, North Star House, North Star Avenue, Swindon, SN2 1FA},
    url={https://www.bcs.org/membership/become-a-member/bcs-code-of-conduct/}
}

@misc{UniWarwickCOP,
    title={Research Code of Practice},
    organization={Univeristy of Warwick},
    address={University of Warwick, Warwickshire, CV4 7AL, United Kingdom},
    url={https://www.warwick.ac.uk/services/ris/research_integrity/code_of_practice_and_policies/research_code_of_practice/},
}

@inproceedings{sun2001mobile,
  title={Mobile ad hoc networking: an essential technology for pervasive computing},
  author={Sun, Jun-Zhao},
  booktitle={2001 International Conferences on Info-Tech and Info-Net. Proceedings (Cat. No. 01EX479)},
  volume={3},
  pages={316--321},
  year={2001},
  organization={IEEE}
}

@misc{bluez,
    title={BlueZ: Official Linux Bluetooth Protocol Stack},
    url={www.bluez.org}
}

@misc{mobileOS,
    url={https://www.statista.com/statistics/266136/global-market-share-held-by-smartphone-operating-systems/},
    title={Global mobile OS market share in sales to end users from 1st quarter 2009 to 2nd quarter 2018},
    author={Arne Holst},
    publisher={statista}
}

@article{banipal2006strategic,
  title={Strategic approach to disaster management: lessons learned from Hurricane Katrina},
  author={Banipal, Kulwinder},
  journal={Disaster Prevention and Management: An International Journal},
  volume={15},
  number={3},
  pages={484--494},
  year={2006},
  publisher={Emerald Group Publishing Limited}
}

@inproceedings{ferranti2019hiro,
  title={HIRO-NET: Self-Organized Robotic Mesh Networking for Internet Sharing in Disaster Scenarios},
  author={Ferranti, Ludovico and D'Oro, Salvatore and Bonati, Leonardo and Demirors, Emrecan and Cuomo, Francesca and Melodia, Tommaso},
  booktitle={2019 IEEE 20th International Symposium on" A World of Wireless, Mobile and Multimedia Networks"(WoWMoM)},
  pages={1--9},
  year={2019},
  organization={IEEE}
}

@inproceedings{wu2011emergency,
  title={Emergency message dissemination system for smartphones during natural disasters},
  author={Wu, Xian and Mazurowski, Maciej and Chen, Zhen and Meratnia, Nirvana},
  booktitle={2011 11th International Conference on ITS Telecommunications},
  pages={258--263},
  year={2011},
  organization={IEEE}
}

@inproceedings{putra2017comparison,
  title={Comparison of energy consumption in Wi-Fi and bluetooth communication in a Smart Building},
  author={Putra, Guntur Dharma and Pratama, Azkario Rizky and Lazovik, Alexander and Aiello, Marco},
  booktitle={2017 IEEE 7th Annual Computing and Communication Workshop and Conference (CCWC)},
  pages={1--6},
  year={2017},
  organization={IEEE}
}

@article{friedman2012power,
  title={On power and throughput tradeoffs of wifi and bluetooth in smartphones},
  author={Friedman, Roy and Kogan, Alex and Krivolapov, Yevgeny},
  journal={IEEE Transactions on Mobile Computing},
  volume={12},
  number={7},
  pages={1363--1376},
  year={2012},
  publisher={IEEE}
}

@inproceedings{chu2010design,
  title={Design and implement of WSN based on Bluetooth and embedded system},
  author={Chu, Hongyu and Xie, Zhijiang and Shao, Yanhua and Liu, Qin and Mi, Zengzhen},
  booktitle={2010 International Conference on Computer Application and System Modeling (ICCASM 2010)},
  volume={5},
  pages={V5--641},
  year={2010},
  organization={IEEE}
}

@inproceedings{li2010research,
  title={Research on Diffie-Hellman key exchange protocol},
  author={Li, Nan},
  booktitle={2010 2nd International Conference on Computer Engineering and Technology},
  volume={4},
  pages={V4--634},
  year={2010},
  organization={IEEE}
}
@inproceedings{aufa2018security,
  title={Security System Analysis in Combination Method: RSA Encryption and Digital Signature Algorithm},
  author={Aufa, Farah Jihan and Affandi, Achmad and others},
  booktitle={2018 4th International Conference on Science and Technology (ICST)},
  pages={1--5},
  year={2018},
  organization={IEEE}
}

@article{diffie1976new,
  title={New directions in cryptography},
  author={Diffie, Whitfield and Hellman, Martin},
  journal={IEEE transactions on Information Theory},
  volume={22},
  number={6},
  pages={644--654},
  year={1976},
  publisher={IEEE}
}

@inproceedings{abdelgader2014physical,
  title={The physical layer of the IEEE 802.11 p WAVE communication standard: the specifications and challenges},
  author={Abdelgader, Abdeldime MS and Lenan, Wu},
  booktitle={Proceedings of the world congress on engineering and computer science},
  volume={2},
  pages={22--24},
  year={2014}
}

@article{bhagwat2001bluetooth,
  title={Bluetooth: technology for short-range wireless apps},
  author={Bhagwat, Pravin},
  journal={IEEE Internet Computing},
  volume={5},
  number={3},
  pages={96--103},
  year={2001},
  publisher={IEEE}
}



